<?xml version="1.0" encoding="UTF-8"?><collection xmlns="http://www.loc.gov/MARC21/slim"><record><leader>00487nam--2200193-u-4500</leader><controlfield tag="001">000052375</controlfield><controlfield tag="002">20161230</controlfield><controlfield tag="005">20161230201050</controlfield><controlfield tag="008">100630s1000------------r-----000-0-rus-d</controlfield><datafield ind1=" " ind2=" " tag="040"><subfield code="a">IFIN-HH</subfield></datafield><datafield ind1=" " ind2=" " tag="041"><subfield code="a">rus</subfield></datafield><datafield ind1=" " ind2=" " tag="080"><subfield code="a">531.9</subfield></datafield><datafield ind1="1" ind2=" " tag="100"><subfield code="a">Iveronova, V.I</subfield></datafield><datafield ind1="1" ind2="0" tag="245"><subfield code="a">Blijnii poriadok v tverdih rastvorah</subfield><subfield code="c">V.I. Iveronova, A.A. Kasnelisoh</subfield></datafield><datafield ind1=" " ind2=" " tag="260"><subfield code="a">Moskva</subfield><subfield code="b">Nauka</subfield><subfield code="c">1977</subfield></datafield><datafield ind1=" " ind2=" " tag="300"><subfield code="a">255 p</subfield></datafield><datafield ind1="1" ind2=" " tag="700"><subfield code="a">Kasnelisoh, A.A</subfield></datafield><datafield ind1=" " ind2=" " tag="852"><subfield code="a">45214</subfield><subfield code="c">531</subfield></datafield><datafield ind1=" " ind2=" " tag="CAT"><subfield code="a">Sys</subfield><subfield code="c">20100630</subfield><subfield code="h">083915</subfield></datafield></record></collection>